<?xml version="1.0" encoding="UTF-8"?><collection xmlns="http://www.loc.gov/MARC21/slim"><record><leader>00496nam--2200181-u-4500</leader><controlfield tag="001">000056905</controlfield><controlfield tag="002">20200911</controlfield><controlfield tag="005">20200911051932</controlfield><controlfield tag="008">200911s1000------------r-----000-0-rum-d</controlfield><datafield ind1=" " ind2=" " tag="040"><subfield code="a">IFIN-HH</subfield></datafield><datafield ind1=" " ind2=" " tag="041"><subfield code="a">rum</subfield></datafield><datafield ind1="1" ind2=" " tag="100"><subfield code="a">Peculea, Marius</subfield></datafield><datafield ind1="1" ind2="0" tag="245"><subfield code="a">Cercetarea de dezvoltare tehnologica. Eseu</subfield><subfield code="c">Marius Peculea</subfield></datafield><datafield ind1=" " ind2=" " tag="260"><subfield code="a">Bucuresti</subfield><subfield code="b">Editura Academiei Romane</subfield><subfield code="c">2005</subfield></datafield><datafield ind1=" " ind2=" " tag="300"><subfield code="a">31 p</subfield></datafield><datafield ind1=" " ind2=" " tag="500"><subfield code="a">Donatie Acad. Nicolae Victpr Zamfir</subfield></datafield><datafield ind1=" " ind2=" " tag="852"><subfield code="a">82837</subfield><subfield code="c">NVZ</subfield></datafield><datafield ind1=" " ind2=" " tag="CAT"><subfield code="a">SYS</subfield><subfield code="c">20200911</subfield><subfield code="h">051932</subfield></datafield></record></collection>